%!TEX root = main.tex

@techreport{mailmarketing,
    author    = {Silverpop Systems},
    title     = {Email Marketing Metrics Benchmark Study},
    institution = {Silverpop Systems, Inc.},
    type      = {\emph{White paper}},
    year      = {2012},
    url       = {http://www.silverpop.com/downloads/white-papers/WP_2012_Benchmark.pdf}
}

@article{Srba2016,
  doi = {10.1145/2934687},
  url = {https://doi.org/10.1145%2F2934687},
  year  = {2016},
  month = aug,
  publisher = {Association for Computing Machinery ({ACM})},
  volume = {10},
  number = {3},
  pages = {1--63},
  author = {Ivan Srba and Maria Bielikova},
  title = {A Comprehensive Survey and Classification of Approaches for Community Question Answering},
  journal = {{ACM} Transactions on the Web}
}

@online{so-meta-newsletter,
  author = {Tyler Ohlsen},
  title = {Weekly newsletter - Make questions relevant to me},
  month = oct,
  year = {2016},
  note = {\url{https://meta.stackoverflow.com/q/336925}. Prevzat√© 30.4.2017.}
}
